@article{Diaconis1979,
  title={Conjugate priors for exponential families},
  author={Diaconis, Persi and Ylvisaker, Donald},
  journal={The Annals of statistics},
  pages={269--281},
  year={1979},
  publisher={JSTOR}
}
@article{Piegorsch1985,
  title={The existence of the first negative moment},
  author={Piegorsch, Walter W and Casella, George},
  journal={The American Statistician},
  volume={39},
  number={1},
  pages={60--62},
  year={1985},
  publisher={Taylor \& Francis}
}
@article{Birge1989,
  title={Upper bounds on the expected value of a convex function using gradient and conjugate function information},
  author={Birge, John and Teboulle, Marc},
  journal={Mathematics of Operations Research},
  volume={14},
  number={4},
  pages={745--759},
  year={1989},
  publisher={INFORMS}
}
@article{Kirkwood1996,
  title={Interferon alfa-2b adjuvant therapy of high-risk resected cutaneous melanoma: the Eastern Cooperative Oncology Group Trial EST 1684.},
  author={Kirkwood, John M and Strawderman, M Hunt and Ernstoff, Marc S and Smith, Thomas J and Borden, Ernest C and Blum, Ronald H},
  journal={Journal of clinical oncology},
  volume={14},
  number={1},
  pages={7--17},
  year={1996}
}
@article{Chen1999a,
  title={A new Bayesian model for survival data with a surviving fraction},
  author={Chen, Ming-Hui and Ibrahim, Joseph G and Sinha, Debajyoti},
  journal={Journal of the American Statistical Association},
  volume={94},
  number={447},
  pages={909--919},
  year={1999},
  publisher={Taylor \& Francis}
}
@article{Chen1999b,
  title={Prior elicitation, variable selection and Bayesian computation for logistic regression models},
  author={Chen, M-H and Ibrahim, Joseph G and Yiannoutsos, Constantin},
  journal={Journal of the Royal Statistical Society: Series B (Statistical Methodology)},
  volume={61},
  number={1},
  pages={223--242},
  year={1999},
  publisher={Wiley Online Library}
}
@article{Chen2000,
  title={Power prior distributions for generalized linear models},
  author={Chen, Ming-Hui and Ibrahim, Joseph G and Shao, Qi-Man},
  journal={Journal of Statistical Planning and Inference},
  volume={84},
  number={1-2},
  pages={121--137},
  year={2000},
  publisher={Elsevier}
}
@article{Ibrahim2000,
  title={Power prior distributions for regression models},
  author={Ibrahim, Joseph G and Chen, Ming-Hui and others},
  journal={Statistical Science},
  volume={15},
  number={1},
  pages={46--60},
  year={2000},
  publisher={Institute of Mathematical Statistics}
}
@article{Ibrahim2001,
  title={Bayesian semiparametric models for survival data with a cure fraction},
  author={Ibrahim, Joseph G and Chen, Ming-Hui and Sinha, Debajyoti},
  journal={Biometrics},
  volume={57},
  number={2},
  pages={383--388},
  year={2001},
  publisher={Wiley Online Library}
}
@article{Chen2002,
  title={Bayesian cure rate models for malignant melanoma: a case-study of Eastern Cooperative Oncology Group trial E1690},
  author={Chen, Ming-Hui and Harrington, David P and Ibrahim, Joseph G},
  journal={Journal of the Royal Statistical Society: Series C (Applied Statistics)},
  volume={51},
  number={2},
  pages={135--150},
  year={2002},
  publisher={Wiley Online Library}
}
@article{Chen2003,
  title={Prior elicitation for model selection and estimation in generalized linear mixed models},
  author={Chen, Ming-Hui and Ibrahim, Joseph G and Shao, Qi-Man and Weiss, Robert E},
  journal={Journal of Statistical Planning and Inference},
  volume={111},
  number={1-2},
  pages={57--76},
  year={2003},
  publisher={Elsevier}
}
@article{Ibrahim2003,
  title={On optimality properties of the power prior},
  author={Ibrahim, Joseph G and Chen, Ming-Hui and Sinha, Debajyoti},
  journal={Journal of the American Statistical Association},
  volume={98},
  number={461},
  pages={204--213},
  year={2003},
  publisher={Taylor \& Francis}
}
@article{Chen2006,
  title={The relationship between the power prior and hierarchical models},
  author={Chen, Ming-Hui and Ibrahim, Joseph G and others},
  journal={Bayesian Analysis},
  volume={1},
  number={3},
  pages={551--574},
  year={2006},
  publisher={International Society for Bayesian Analysis}
}
@article{Neuenschwander2009,
  title={A note on the power prior},
  author={Neuenschwander, Beat and Branson, Michael and Spiegelhalter, David J},
  journal={Statistics in Medicine},
  volume={28},
  number={28},
  pages={3562--3566},
  year={2009},
  publisher={Wiley Online Library}
}
@article{Ibrahim2012,
  title={Bayesian methods in clinical trials: a Bayesian analysis of ECOG trials E1684 and E1690},
  author={Ibrahim, Joseph G and Chen, Ming-Hui and Chu, Haitao},
  journal={BMC medical research methodology},
  volume={12},
  number={1},
  pages={183},
  year={2012},
  publisher={BioMed Central}
}
@article{Murray2012,
  title={MCMC for doubly-intractable distributions},
  author={Murray, Iain and Ghahramani, Zoubin and MacKay, David},
  journal={arXiv preprint arXiv:1206.6848},
  year={2012}
}
@article{Ibrahim2015,
  title={The power prior: theory and applications},
  author={Ibrahim, Joseph G and Chen, Ming-Hui and Gwon, Yeongjin and Chen, Fang},
  journal={Statistics in medicine},
  volume={34},
  number={28},
  pages={3724--3749},
  year={2015},
  publisher={Wiley Online Library}
}
@article{Gronau2017,
    title={Bridgesampling: An R package for estimating normalizing constants},
    author={Gronau, Quentin F and Singmann, Henrik and Wagenmakers, Eric-Jan},
    journal={arXiv preprint arXiv:1710.08162},
    year={2017}
}
