@article{Neuenschwander2009,
  title={A note on the power prior},
  author={Neuenschwander, Beat and Branson, Michael and Spiegelhalter, David J},
  journal={Statistics in Medicine},
  volume={28},
  number={28},
  pages={3562--3566},
  year={2009},
  publisher={Wiley Online Library}
}
@article{Ibrahim2015,
  title={The power prior: theory and applications},
  author={Ibrahim, Joseph G and Chen, Ming-Hui and Gwon, Yeongjin and Chen, Fang},
  journal={Statistics in medicine},
  volume={34},
  number={28},
  pages={3724--3749},
  year={2015},
  publisher={Wiley Online Library}
}
